@article{jeong2018,
  author = {Jeong, Mira and Ko, Byoung Chul},
  title = {Driver’s Facial Expression Recognition in Real-Time for Safe Driving},
  journal = {Sensors},
  volume = {18},
  number = {12},
  pages = {4270},
  year = {2018},
  doi = {10.3390/s18124270}
}


@inproceedings{tan2019,
  author = {Tan, Mingxing and Le, Quoc V.},
  title = {EfficientNet: Rethinking Model Scaling for Convolutional Neural Networks},
  booktitle = {Proceedings of the 36th International Conference on Machine Learning},
  pages = {6105--6114},
  year = {2019},
  url = {https://arxiv.org/abs/1905.11946}
}


@article{alam2022,
  author = {Alam, Islam Nur and Kartowisastro, Iman Herwidiana and Wicaksono, Pandu},
  title = {Transfer Learning Technique with EfficientNet for Facial Expression Recognition System},
  journal = {Revue d’Intelligence Artificielle},
  volume = {36},
  number = {4},
  pages = {425--432},
  year = {2022},
  doi = {10.18280/ria.360405}
}

@article{ma2021,
  author = {Ma, Fuyan and Sun, Bin and Li, Shutao},
  title = {Facial Expression Recognition with Visual Transformers and Attentional Selective Fusion},
  journal = {IEEE Transactions on Affective Computing},
  volume = {14},
  number = {2},
  pages = {1236--1250},
  year = {2021},
  doi = {10.1109/TAFFC.2021.3122146}
}

@inproceedings{febrian2024,
  author = {Febrian, Rio and Huang, Ronald Richie and Setiono, Nicholas and Ramdhana, Dimas and Chowanda, Andry},
  title = {A Fine-Tuned Vision Transformer-Based on Limited Dataset for Facial Expression Recognition},
  booktitle = {Procedia Computer Science},
  volume = {245},
  pages = {574--582},
  year = {2024},
  doi = {10.1016/j.procs.2024.10.284}
}

@inproceedings{roka2023,
  author = {Roka, Sanjeev and Rawat, Danda B.},
  title = {Fine Tuning Vision Transformer Model for Facial Emotion Recognition: Performance Analysis for Human-Machine Teaming},
  booktitle = {2023 IEEE 24th International Conference on Information Reuse and Integration for Data Science (IRI)},
  pages = {176--182},
  year = {2023},
  doi = {10.1109/IRI58017.2023.00030}
}

@article{wang2021survey,
  title={A survey on driver behavior analysis from in-vehicle cameras},
  author={Wang, Jiyang and Chai, Weiheng and Venkatachalapathy, Archana and Tan, Kai Liang and Haghighat, Arya and Velipasalar, Senem and Adu-Gyamfi, Yaw and Sharma, Anuj},
  journal={IEEE Transactions on Intelligent Transportation Systems},
  volume={23},
  number={8},
  pages={10186--10209},
  year={2021},
  publisher={IEEE}
}

@article{zepf2020driver,
  title={Driver emotion recognition for intelligent vehicles: A survey},
  author={Zepf, Sebastian and Hernandez, Javier and Schmitt, Alexander and Minker, Wolfgang and Picard, Rosalind W},
  journal={ACM Computing Surveys},
  volume={53},
  number={3},
  pages={1--30},
  year={2020},
  publisher={ACM},
  
}


@misc{paveaeye2023,
  title = {More than 75\% believe new technologies can significantly improve road safety},  
  author = {ITS Digest},
  url = {https://www.itsdigest.com/more-75-believe-new-technologies-can-significantly-improve-road-safety},
  urldate = {2023-02-15}
}

@article{bengler2014three,
  title={Three decades of driver assistance systems: Review and future perspectives},
  author={Bengler, Klaus and Dietmayer, Klaus and Farber, Berthold and Maurer, Markus and Stiller, Christoph and Winner, Hermann},
  journal={IEEE Intelligent transportation systems magazine},
  volume={6},
  number={4},
  pages={6--22},
  year={2014},
  publisher={IEEE}
}

@article{navonchallenging,
  title={Challenging the Silences: An analysis of SAE J3016 as a classification System},
  author={Navon, Eilat Nathan}
}

@misc{sae2021j3016,
  title = {Taxonomy and Definitions for Terms Related to Driving Automation Systems for On-Road Motor Vehicles J3016\_202104},  
  author = {SAE International},
  url = {https://www.sae.org/standards/content/j3016_202104/},
  urldate = {2021-04-30}
}

@ARTICLE{8013713,
  author={Mollahosseini, Ali and Hasani, Behzad and Mahoor, Mohammad H.},
  journal={IEEE Transactions on Affective Computing}, 
  title={AffectNet: A Database for Facial Expression, Valence, and Arousal Computing in the Wild}, 
  year={2019},
  volume={10},
  number={1},
  pages={18-31},
  keywords={Databases;Computational modeling;Face;Face recognition;Affective computing;Magnetic heads;Affective computing in the wild;facial expressions;continuous dimensional space;valence;arousal},
  doi={10.1109/TAFFC.2017.2740923}}


@misc{motorCities2021,
  title = {Remembering Ralph Teetor, the Inventor of Cruise Control},
  author = {Bob Sadler},
  url = {https://www.motorcities.org/story-of-the-week/2021/remembering-ralph-teetor-the-inventor-of-cruise-control},
  urldate = {2021-12-01}

}


@misc{fordSuper03,
  title = {Guide: Ford FX-Atmos},
  author = {Supercar Nostalgia},
  url = {https://supercarnostalgia.com/blog/ford-fx-atmos},
  urldate = {2024-03-07}

}

@inproceedings{rather2021survey,
  title={A survey on fatigue and drowsiness detection techniques in driving},
  author={Rather, Adil Ahmad and Sofi, Tasawor Ahmed and Mukhtar, Nowreen},
  booktitle={2021 International Conference on Computing, Communication, and Intelligent Systems (ICCCIS)},
  pages={239--244},
  year={2021},
  organization={IEEE}
}

@INPROCEEDINGS{10486424,
  author={Abirami, A. and Bhuvaneswari, S and Vishnuvardhan, M and Karthik, Yadam and Shankar, Saisuraj},
  booktitle={2024 2nd International Conference on Computer, Communication and Control (IC4)}, 
  title={An In-Depth Exploration of Advanced Driver Drowsiness Detection Systems for Enhanced Road Safety}, 
  year={2024},
  volume={},
  number={},
  pages={1-6},
  keywords={Surveys;Training;Road accidents;Detectors;Fatigue;Road safety;Real-time systems;Driver Drowsiness Detection;Fatigue Detection;Road Safety;Behavioural Parameters;Vehicular Parameters;Physiological Parameters;Non-Intrusive Detection;Machine Learning;Image Processing Techniques;Classifiers;CNN},
  doi={10.1109/IC457434.2024.10486424}}

@book{izard2013human,
  title={Human emotions},
  author={Izard, Carroll E},
  year={2013},
  publisher={Springer Science \& Business Media}
}

@article{picard2003affective,
  title={Affective computing: challenges},
  author={Picard, Rosalind W},
  journal={International Journal of Human-Computer Studies},
  volume={59},
  number={1-2},
  pages={55--64},
  year={2003},
  publisher={Elsevier}
}


@inproceedings{pidgeon2022end,
  title={End-to-End Emotion Recognition using Peripheral Physiological Signals},
  author={Pidgeon, M and Kanwal, N and Murray, N and Asghar, M},
  booktitle={35th International BCS Human-Computer Interaction Conference},
  pages={1--10},
  year={2022},
  organization={BCS Learning \& Development}
}

@article{shu2018review,
  title={A review of emotion recognition using physiological signals},
  author={Shu, Lin and Xie, Jinyan and Yang, Mingyue and Li, Ziyi and Li, Zhenqi and Liao, Dan and Xu, Xiangmin and Yang, Xinyi},
  journal={Sensors},
  volume={18},
  number={7},
  pages={2074},
  year={2018},
  publisher={MDPI}
}


@article{ekman1992facial,
  title={Facial expressions of emotion: an old controversy and new findings},
  author={Ekman, Paul},
  journal={Philosophical transactions of the royal society of London. Series B: Biological Sciences},
  volume={335},
  number={1273},
  pages={63--69},
  year={1992},
  publisher={The Royal Society London}
}


@article{kopalidis2024advances,
  title={Advances in Facial Expression Recognition: A Survey of Methods, Benchmarks, Models, and Datasets},
  author={Kopalidis, Thomas and Solachidis, Vassilios and Vretos, Nicholas and Daras, Petros},
  journal={Information},
  volume={15},
  number={3},
  pages={135},
  year={2024},
  publisher={MDPI}
}


@article{murali2022intelligent,
  title={Intelligent in-vehicle interaction technologies},
  author={Murali, Prajval Kumar and Kaboli, Mohsen and Dahiya, Ravinder},
  journal={Advanced Intelligent Systems},
  volume={4},
  number={2},
  pages={2100122},
  year={2022},
  publisher={Wiley Online Library}
}

@article{russell1980circumplex,
  title={A circumplex model of affect.},
  author={Russell, James A},
  journal={Journal of personality and social psychology},
  volume={39},
  number={6},
  pages={1161},
  year={1980},
  publisher={American Psychological Association}
}

@article{cunningham2016impact,
  title={The impact of emotion, life stress and mental health issues on driving performance and safety},
  author={Cunningham, Mitchell L and Regan, Michael A},
  journal={Road \& Transport Research: A Journal of Australian and New Zealand Research and Practice},
  volume={25},
  number={3},
  pages={40--50},
  year={2016}
}

@article{chan2015emotion,
  title={Emotion matters: Implications for distracted driving},
  author={Chan, Michelle and Singhal, Anthony},
  journal={Safety science},
  volume={72},
  pages={302--309},
  year={2015},
  publisher={Elsevier}
}

@article{dosovitskiy2020image,
  title={An image is worth 16x16 words: Transformers for image recognition at scale},
  author={Dosovitskiy, Alexey},
  journal={arXiv preprint arXiv:2010.11929},
  year={2020}
}

@inproceedings{sandler2018mobilenetv2,
  title={Mobilenetv2: Inverted residuals and linear bottlenecks},
  author={Sandler, Mark and Howard, Andrew and Zhu, Menglong and Zhmoginov, Andrey and Chen, Liang-Chieh},
  booktitle={Proceedings of the IEEE conference on computer vision and pattern recognition},
  pages={4510--4520},
  year={2018}
}

@ARTICLE{10226464,
  author={Yang, Lie and Yang, Haohan and Hu, Bin-Bin and Wang, Yan and Lv, Chen},
  journal={IEEE Transactions on Intelligent Transportation Systems}, 
  title={A Robust Driver Emotion Recognition Method Based on High-Purity Feature Separation}, 
  year={2023},
  volume={24},
  number={12},
  pages={15092-15104},
  keywords={Emotion recognition;Vehicles;Physiology;Lighting;Interference;Feature extraction;Task analysis;Driver emotion recognition;feature separation;individual difference;illumination changes},
  doi={10.1109/TITS.2023.3304128}}


@misc{fer2013kaggle,
  title = {FER\-2013: Learn facial expression from an image},
  author = {Manas Sambare},
  url = {https://www.kaggle.com/datasets/msambare/fer2013},
  urldate = {2020}

}

@article{zhou2022towards,
  title={Towards robust blind face restoration with codebook lookup transformer},
  author={Zhou, Shangchen and Chan, Kelvin and Li, Chongyi and Loy, Chen Change},
  journal={Advances in Neural Information Processing Systems},
  volume={35},
  pages={30599--30611},
  year={2022}
}


@inproceedings{wang2018esrgan,
  title={Esrgan: Enhanced super-resolution generative adversarial networks},
  author={Wang, Xintao and Yu, Ke and Wu, Shixiang and Gu, Jinjin and Liu, Yihao and Dong, Chao and Qiao, Yu and Change Loy, Chen},
  booktitle={Proceedings of the European conference on computer vision (ECCV) workshops},
  pages={0--0},
  year={2018}
}

@inproceedings{pfister2011recognising,
  title={Recognising spontaneous facial micro-expressions},
  author={Pfister, Tomas and Li, Xiaobai and Zhao, Guoying and Pietik{\"a}inen, Matti},
  booktitle={2011 international conference on computer vision},
  pages={1449--1456},
  year={2011},
  organization={IEEE}
}
@article{tian2011facial,
  title={Facial expression recognition},
  author={Tian, Yingli and Kanade, Takeo and Cohn, Jeffrey F},
  journal={Handbook of face recognition},
  pages={487--519},
  year={2011},
  publisher={Springer}
}

@inproceedings{zhang2021learning,
  title={Learning a facial expression embedding disentangled from identity},
  author={Zhang, Wei and Ji, Xianpeng and Chen, Keyu and Ding, Yu and Fan, Changjie},
  booktitle={Proceedings of the IEEE/CVF conference on computer vision and pattern recognition},
  pages={6759--6768},
  year={2021}
}

@article{kremers2023two,
  title={Two-step clustering for data reduction combining DBSCAN and k-means clustering},
  author={Kremers, Bart JJ and Citrin, Jonathan and Ho, Aaron and van de Plassche, Karel L},
  journal={Contributions to Plasma Physics},
  volume={63},
  number={5-6},
  pages={e202200177},
  year={2023},
  publisher={Wiley Online Library}
}


@article{kang2019extracting,
  title={Extracting human emotions at different places based on facial expressions and spatial clustering analysis},
  author={Kang, Yuhao and Jia, Qingyuan and Gao, Song and Zeng, Xiaohuan and Wang, Yueyao and Angsuesser, Stephan and Liu, Yu and Ye, Xinyue and Fei, Teng},
  journal={Transactions in GIS},
  volume={23},
  number={3},
  pages={450--480},
  year={2019},
  publisher={Wiley Online Library}
}


@article{vu2019efficient,
  title={An efficient density-based clustering with side information and active learning: a case study for facial expression recognition task},
  author={Vu, Viet-Vu and Do, Hong-Quan and Dang, Vu-Tuan and Do, Nang-Toan},
  journal={Intelligent Data Analysis},
  volume={23},
  number={1},
  pages={227--240},
  year={2019},
  publisher={IOS Press}
}

@article{lyons1998japanese,
  title={The Japanese female facial expression (JAFFE) dataset},
  author={Lyons, Michael and Kamachi, Miyuki and Gyoba, Jiro},
  journal={(No Title)},
  year={1998},
  publisher={Zenodo}
}

@inproceedings{li2017reliable,
  title={Reliable crowdsourcing and deep locality-preserving learning for expression recognition in the wild},
  author={Li, Shan and Deng, Weihong and Du, JunPing},
  booktitle={Proceedings of the IEEE conference on computer vision and pattern recognition},
  pages={2852--2861},
  year={2017}
}

@inproceedings{barsoum2016training,
  title={Training deep networks for facial expression recognition with crowd-sourced label distribution},
  author={Barsoum, Emad and Zhang, Cha and Ferrer, Cristian Canton and Zhang, Zhengyou},
  booktitle={Proceedings of the 18th ACM international conference on multimodal interaction},
  pages={279--283},
  year={2016}
}